<collection>
<record>
  <leader>     cz  a22     n  4500</leader>
  <controlfield tag="001">ph114001</controlfield>
  <controlfield tag="003">CZ PrNK</controlfield>
  <controlfield tag="005">20180905122043.0</controlfield>
  <controlfield tag="008">000804|n|anznnbabn           n a|a</controlfield>
  <datafield tag="040" ind1=" " ind2=" ">
    <subfield code="a">ABA001</subfield>
    <subfield code="b">cze</subfield>
    <subfield code="d">ABA001</subfield>
  </datafield>
  <datafield tag="072" ind1=" " ind2="7">
    <subfield code="a">005.91/.92</subfield>
    <subfield code="x">Veden&#237; &#250;&#345;adu (kancel&#225;&#345;e). Spisov&#225; slu&#382;ba</subfield>
    <subfield code="2">Konspekt</subfield>
    <subfield code="9">4</subfield>
  </datafield>
  <datafield tag="080" ind1=" " ind2=" ">
    <subfield code="a">005.91</subfield>
    <subfield code="2">MRF_2003</subfield>
  </datafield>
  <datafield tag="150" ind1=" " ind2=" ">
    <subfield code="a">administrativa</subfield>
    <subfield code="7">ph114001</subfield>
  </datafield>
  <datafield tag="550" ind1=" " ind2=" ">
    <subfield code="a">kancel&#225;&#345;sk&#225; praxe</subfield>
    <subfield code="7">ph121421</subfield>
  </datafield>
  <datafield tag="550" ind1=" " ind2=" ">
    <subfield code="w">h</subfield>
    <subfield code="a">Microsoft Works (software)</subfield>
    <subfield code="7">ph327602</subfield>
  </datafield>
  <datafield tag="550" ind1=" " ind2=" ">
    <subfield code="w">h</subfield>
    <subfield code="a">psan&#237; na po&#269;&#237;ta&#269;i</subfield>
    <subfield code="7">ph124768</subfield>
  </datafield>
  <datafield tag="550" ind1=" " ind2=" ">
    <subfield code="w">h</subfield>
    <subfield code="a">psan&#237; na stroji</subfield>
    <subfield code="7">ph124769</subfield>
  </datafield>
  <datafield tag="550" ind1=" " ind2=" ">
    <subfield code="w">h</subfield>
    <subfield code="a">sekret&#225;&#345;sk&#233; pr&#225;ce</subfield>
    <subfield code="7">ph125469</subfield>
  </datafield>
  <datafield tag="750" ind1="0" ind2="7">
    <subfield code="a">office management</subfield>
    <subfield code="2">eczenas</subfield>
  </datafield>
  <datafield tag="998" ind1=" " ind2=" ">
    <subfield code="a">http://aleph.nkp.cz/F/?func=direct&amp;doc_number=000114001&amp;local_base=AUT</subfield>
  </datafield>
</record>