

<record>
  <leader>     cz  a22     n  4500</leader>
  <controlfield tag="001">ph114002</controlfield>
  <controlfield tag="003">CZ PrNK</controlfield>
  <controlfield tag="005">20141030183558.0</controlfield>
  <controlfield tag="008">000804|n|anznnbabn           n a|a</controlfield>
  <datafield tag="040" ind1=" " ind2=" ">
    <subfield code="a">ABA001</subfield>
    <subfield code="b">cze</subfield>
    <subfield code="d">ABA001</subfield>
  </datafield>
  <datafield tag="072" ind1=" " ind2="7">
    <subfield code="a">027</subfield>
    <subfield code="x">Univerz&#225;ln&#237; knihovny. Ve&#345;ejn&#233; knihovny. Soukrom&#233; knihovny</subfield>
    <subfield code="2">Konspekt</subfield>
    <subfield code="9">12</subfield>
  </datafield>
  <datafield tag="080" ind1=" " ind2=" ">
    <subfield code="a">027.6:35</subfield>
    <subfield code="2">MRF_2003</subfield>
  </datafield>
  <datafield tag="150" ind1=" " ind2=" ">
    <subfield code="a">administrativn&#237; knihovny</subfield>
    <subfield code="7">ph114002</subfield>
  </datafield>
  <datafield tag="450" ind1=" " ind2=" ">
    <subfield code="a">knihovny administrativn&#237;</subfield>
    <subfield code="0">o</subfield>
  </datafield>
  <datafield tag="550" ind1=" " ind2=" ">
    <subfield code="w">g</subfield>
    <subfield code="a">knihovny</subfield>
    <subfield code="7">ph114926</subfield>
  </datafield>
  <datafield tag="550" ind1=" " ind2=" ">
    <subfield code="w">g</subfield>
    <subfield code="a">mal&#233; knihovny</subfield>
    <subfield code="7">ph115210</subfield>
  </datafield>
  <datafield tag="750" ind1="0" ind2="7">
    <subfield code="a">administrative libraries</subfield>
    <subfield code="2">eczenas</subfield>
  </datafield>
  <datafield tag="750" ind1="3" ind2="7">
    <subfield code="a">Bibliotekos, valstybin&#279;s vald&#382;ios &#303;staig&#371;</subfield>
    <subfield code="b">027.6:35</subfield>
    <subfield code="2">lit</subfield>
  </datafield>
  <datafield tag="750" ind1="5" ind2="7">
    <subfield code="a">administrat&#237;vne kni&#382;nice</subfield>
    <subfield code="b">027.6:35</subfield>
    <subfield code="2">slo</subfield>
  </datafield>
  <datafield tag="998" ind1=" " ind2=" ">
    <subfield code="a">http://aleph.nkp.cz/F/?func=direct&amp;doc_number=000114002&amp;local_base=AUT</subfield>
  </datafield>
</record>