

<record>
  <leader>     cz  a22     n  4500</leader>
  <controlfield tag="001">ph114003</controlfield>
  <controlfield tag="003">CZ PrNK</controlfield>
  <controlfield tag="005">20141007110733.0</controlfield>
  <controlfield tag="008">000804|n|anznnbabn           n a|a</controlfield>
  <datafield tag="040" ind1=" " ind2=" ">
    <subfield code="a">ABA001</subfield>
    <subfield code="b">cze</subfield>
    <subfield code="d">ABA001</subfield>
  </datafield>
  <datafield tag="072" ind1=" " ind2="7">
    <subfield code="a">82-9</subfield>
    <subfield code="x">Liter&#225;rn&#237; kritika, v&#283;cn&#225; literatura a r&#367;zn&#233; dal&#353;&#237; &#382;&#225;nry</subfield>
    <subfield code="2">Konspekt</subfield>
    <subfield code="9">11</subfield>
  </datafield>
  <datafield tag="080" ind1=" " ind2=" ">
    <subfield code="a">82-92:005.92</subfield>
    <subfield code="2">MRF_2003</subfield>
  </datafield>
  <datafield tag="150" ind1=" " ind2=" ">
    <subfield code="a">administrativn&#237; literatura</subfield>
    <subfield code="7">ph114003</subfield>
  </datafield>
  <datafield tag="450" ind1=" " ind2=" ">
    <subfield code="a">literatura administrativn&#237;</subfield>
    <subfield code="0">o</subfield>
  </datafield>
  <datafield tag="550" ind1=" " ind2=" ">
    <subfield code="a">&#250;&#345;edn&#237; p&#237;semnosti</subfield>
    <subfield code="7">ph128377</subfield>
  </datafield>
  <datafield tag="550" ind1=" " ind2=" ">
    <subfield code="w">g</subfield>
    <subfield code="a">v&#283;cn&#225; literatura</subfield>
    <subfield code="7">ph116673</subfield>
  </datafield>
  <datafield tag="750" ind1="0" ind2="7">
    <subfield code="a">business literature</subfield>
    <subfield code="2">eczenas</subfield>
  </datafield>
  <datafield tag="998" ind1=" " ind2=" ">
    <subfield code="a">http://aleph.nkp.cz/F/?func=direct&amp;doc_number=000114003&amp;local_base=AUT</subfield>
  </datafield>
</record>