

<record>
  <leader>     cz  a22     n  4500</leader>
  <controlfield tag="001">ge191384</controlfield>
  <controlfield tag="003">CZ PrNK</controlfield>
  <controlfield tag="005">20170523084547.0</controlfield>
  <controlfield tag="008">030714|n|acznnbabn           n a|a</controlfield>
  <datafield tag="034" ind1=" " ind2=" ">
    <subfield code="d">E019.0677</subfield>
    <subfield code="e">E019.0677</subfield>
    <subfield code="f">N052.6483</subfield>
    <subfield code="g">N052.6483</subfield>
  </datafield>
  <datafield tag="040" ind1=" " ind2=" ">
    <subfield code="a">ABA001</subfield>
    <subfield code="b">cze</subfield>
    <subfield code="d">ABA001</subfield>
  </datafield>
  <datafield tag="043" ind1=" " ind2=" ">
    <subfield code="a">e-pl---</subfield>
  </datafield>
  <datafield tag="080" ind1=" " ind2=" ">
    <subfield code="a">(438)</subfield>
    <subfield code="2">MRF_2003</subfield>
  </datafield>
  <datafield tag="151" ind1=" " ind2=" ">
    <subfield code="a">W&#322;oc&#322;awek (Polsko : oblast)</subfield>
    <subfield code="7">ge191384</subfield>
  </datafield>
  <datafield tag="451" ind1=" " ind2=" ">
    <subfield code="a">W&#322;oc&#322;awek-oblast (Polsko)</subfield>
    <subfield code="0">o</subfield>
  </datafield>
  <datafield tag="551" ind1=" " ind2=" ">
    <subfield code="a">W&#322;oc&#322;awek (Polsko)</subfield>
    <subfield code="7">ge191375</subfield>
  </datafield>
  <datafield tag="678" ind1=" " ind2=" ">
    <subfield code="a">Vojvodstv&#237; do roku 1999.</subfield>
  </datafield>
  <datafield tag="751" ind1="0" ind2="7">
    <subfield code="a">W&#322;oc&#322;awek Region (Poland)</subfield>
    <subfield code="2">eczenas</subfield>
  </datafield>
  <datafield tag="998" ind1=" " ind2=" ">
    <subfield code="a">http://aleph.nkp.cz/F/?func=direct&amp;doc_number=000191384&amp;local_base=AUT</subfield>
  </datafield>
</record>