

<record>
  <leader>     cz  a22     n  4500</leader>
  <controlfield tag="001">ge191376</controlfield>
  <controlfield tag="003">CZ PrNK</controlfield>
  <controlfield tag="005">20170523084841.0</controlfield>
  <controlfield tag="008">030712|n|acznnaabn           n a|a</controlfield>
  <datafield tag="034" ind1=" " ind2=" ">
    <subfield code="d">E016.1715</subfield>
    <subfield code="e">E016.1715</subfield>
    <subfield code="f">N054.1943</subfield>
    <subfield code="g">N054.1943</subfield>
  </datafield>
  <datafield tag="040" ind1=" " ind2=" ">
    <subfield code="a">ABA001</subfield>
    <subfield code="b">cze</subfield>
    <subfield code="d">ABA001</subfield>
  </datafield>
  <datafield tag="043" ind1=" " ind2=" ">
    <subfield code="a">e-pl---</subfield>
  </datafield>
  <datafield tag="080" ind1=" " ind2=" ">
    <subfield code="a">(438)</subfield>
    <subfield code="2">MRF_2003</subfield>
  </datafield>
  <datafield tag="151" ind1=" " ind2=" ">
    <subfield code="a">Koszalin (Polsko)</subfield>
    <subfield code="7">ge191376</subfield>
  </datafield>
  <datafield tag="451" ind1=" " ind2=" ">
    <subfield code="a">K&#246;slin (Polsko)</subfield>
    <subfield code="0">o</subfield>
  </datafield>
  <datafield tag="451" ind1=" " ind2=" ">
    <subfield code="a">K&#242;szal&#235;no (Polsko)</subfield>
    <subfield code="0">o</subfield>
  </datafield>
  <datafield tag="551" ind1=" " ind2=" ">
    <subfield code="a">Koszalin (Polsko : oblast)</subfield>
    <subfield code="7">ge191385</subfield>
  </datafield>
  <datafield tag="670" ind1=" " ind2=" ">
    <subfield code="a">Diecezja koszali&#324;sko-ko&#322;obrzeska 1984 [kartografick&#253; dokument]</subfield>
  </datafield>
  <datafield tag="670" ind1=" " ind2=" ">
    <subfield code="a">Mittelbachs Grosse deutsche Karte. 11, K&#246;slin [kartografick&#253; dokument] : f&#252;r Kraftfahrer, Radfahrer, Touristen und B&#252;ro, Mittelbachs Verlag, [194-?]</subfield>
  </datafield>
  <datafield tag="670" ind1=" " ind2=" ">
    <subfield code="a">www(Getty)</subfield>
  </datafield>
  <datafield tag="678" ind1=" " ind2=" ">
    <subfield code="a">M&#283;sto v Z&#225;padopomo&#345;ansk&#233;m vojvodstv&#237;.</subfield>
  </datafield>
  <datafield tag="751" ind1="0" ind2="7">
    <subfield code="a">Koszalin (Poland)</subfield>
    <subfield code="2">eczenas</subfield>
  </datafield>
  <datafield tag="856" ind1="4" ind2="2">
    <subfield code="u">https://cs.wikipedia.org/wiki/Koszalin</subfield>
    <subfield code="4">N</subfield>
  </datafield>
  <datafield tag="998" ind1=" " ind2=" ">
    <subfield code="a">http://aleph.nkp.cz/F/?func=direct&amp;doc_number=000191376&amp;local_base=AUT</subfield>
  </datafield>
</record>