

<record>
  <leader>     cz  a22     n  4500</leader>
  <controlfield tag="001">xx0038544</controlfield>
  <controlfield tag="003">CZ PrNK</controlfield>
  <controlfield tag="005">20110314175525.0</controlfield>
  <controlfield tag="008">051125|n|acnnnaabn           | a|a</controlfield>
  <datafield tag="034" ind1=" " ind2=" ">
    <subfield code="d">W003.7718</subfield>
    <subfield code="e">W003.7718</subfield>
    <subfield code="f">N056.0692</subfield>
    <subfield code="g">N056.0692</subfield>
  </datafield>
  <datafield tag="040" ind1=" " ind2=" ">
    <subfield code="a">ABA013</subfield>
    <subfield code="b">cze</subfield>
    <subfield code="d">ABA001</subfield>
  </datafield>
  <datafield tag="043" ind1=" " ind2=" ">
    <subfield code="a">e-uk-st</subfield>
  </datafield>
  <datafield tag="080" ind1=" " ind2=" ">
    <subfield code="a">(410.5)</subfield>
    <subfield code="2">MRF_2003</subfield>
  </datafield>
  <datafield tag="151" ind1=" " ind2=" ">
    <subfield code="a">Airth (Skotsko)</subfield>
    <subfield code="7">xx0038544</subfield>
  </datafield>
  <datafield tag="670" ind1=" " ind2=" ">
    <subfield code="a">LC (SH)</subfield>
  </datafield>
  <datafield tag="670" ind1=" " ind2=" ">
    <subfield code="a">www(Wikipedia, the free encyclopedia)</subfield>
  </datafield>
  <datafield tag="678" ind1=" " ind2=" ">
    <subfield code="a">Obec ve Skotsku.</subfield>
  </datafield>
  <datafield tag="751" ind1="0" ind2="7">
    <subfield code="a">Airth (Scotland)</subfield>
    <subfield code="2">eczenas</subfield>
  </datafield>
  <datafield tag="998" ind1=" " ind2=" ">
    <subfield code="a">http://aleph.nkp.cz/F/?func=direct&amp;doc_number=000316986&amp;local_base=AUT</subfield>
  </datafield>
</record>