

<record>
  <leader>     cz  a22     n  4500</leader>
  <controlfield tag="001">fd139325</controlfield>
  <controlfield tag="003">CZ PrNK</controlfield>
  <controlfield tag="005">20071001103555.0</controlfield>
  <controlfield tag="008">020617|n|anznnbabn           n a|a</controlfield>
  <datafield tag="040" ind1=" " ind2=" ">
    <subfield code="a">ABA001</subfield>
    <subfield code="b">cze</subfield>
    <subfield code="d">ABA001</subfield>
  </datafield>
  <datafield tag="080" ind1=" " ind2=" ">
    <subfield code="a">821.111(71)-31</subfield>
    <subfield code="2">MRF_2003</subfield>
  </datafield>
  <datafield tag="155" ind1=" " ind2=" ">
    <subfield code="a">kanadsk&#233; rom&#225;ny (anglicky)</subfield>
    <subfield code="7">fd139325</subfield>
  </datafield>
  <datafield tag="755" ind1="0" ind2="7">
    <subfield code="a">Canadian fiction (English)</subfield>
    <subfield code="2">eczenas</subfield>
  </datafield>
  <datafield tag="998" ind1=" " ind2=" ">
    <subfield code="a">http://aleph.nkp.cz/F/?func=direct&amp;doc_number=000139325&amp;local_base=AUT</subfield>
  </datafield>
</record>


</collection>
